
<marc:record><marc:leader>03188cam a2200373 i 4500</marc:leader>
<marc:controlfield tag="005">20161228115256.0</marc:controlfield>
<marc:controlfield tag="006">m     o  d        </marc:controlfield><marc:controlfield tag="007">cr unu||||||||</marc:controlfield><marc:controlfield tag="008">140523s2014    miuab   ob    001 0 eng d</marc:controlfield><marc:datafield tag="010" ind1=" " ind2=" "><marc:subfield code="a">2014018293</marc:subfield></marc:datafield><marc:datafield tag="020" ind1=" " ind2=" "><marc:subfield code="a">9780472072354</marc:subfield><marc:subfield code="q">(hardcover : alk. paper)</marc:subfield></marc:datafield><marc:datafield tag="020" ind1=" " ind2=" "><marc:subfield code="a">9780472052356</marc:subfield><marc:subfield code="q">(pbk. : alk. paper)</marc:subfield></marc:datafield><marc:datafield tag="020" ind1=" " ind2=" "><marc:subfield code="a">9780472120604</marc:subfield><marc:subfield code="q">(e-book)</marc:subfield></marc:datafield><marc:datafield tag="024" ind1="7" ind2=" "><marc:subfield code="a">10.3998/mpub.4883502</marc:subfield></marc:datafield><marc:datafield tag="040" ind1=" " ind2=" "><marc:subfield code="a">MiU</marc:subfield><marc:subfield code="b">eng</marc:subfield><marc:subfield code="c">MiU</marc:subfield></marc:datafield><marc:datafield tag="050" ind1="0" ind2="0"><marc:subfield code="a">HQ77.9</marc:subfield><marc:subfield code="b">.T7173 2014</marc:subfield></marc:datafield><marc:datafield tag="082" ind1="0" ind2="0"><marc:subfield code="a">306.76/8</marc:subfield><marc:subfield code="2">23</marc:subfield></marc:datafield><marc:datafield tag="245" ind1="0" ind2="0"><marc:subfield code="a">Transgender rights and politics :</marc:subfield><marc:subfield code="b">groups, issue framing, and policy adoption /</marc:subfield><marc:subfield code="c">edited by Jami K. Taylor and Donald P. Haider-Markel.</marc:subfield></marc:datafield><marc:datafield tag="264" ind1=" " ind2="1"><marc:subfield code="a">Ann Arbor :</marc:subfield><marc:subfield code="b">University of Michigan Press,</marc:subfield><marc:subfield code="c">2014.</marc:subfield></marc:datafield><marc:datafield tag="300" ind1=" " ind2=" "><marc:subfield code="a">1 online resource</marc:subfield></marc:datafield><marc:datafield tag="336" ind1=" " ind2=" "><marc:subfield code="a">text</marc:subfield><marc:subfield code="b">txt</marc:subfield><marc:subfield code="2">rdacontent</marc:subfield></marc:datafield><marc:datafield tag="337" ind1=" " ind2=" "><marc:subfield code="a">computer</marc:subfield><marc:subfield code="b">c</marc:subfield><marc:subfield code="2">rdamedia</marc:subfield></marc:datafield><marc:datafield tag="338" ind1=" " ind2=" "><marc:subfield code="a">online resource</marc:subfield><marc:subfield code="b">cr</marc:subfield><marc:subfield code="2">rdacarrier</marc:subfield></marc:datafield><marc:datafield tag="504" ind1=" " ind2=" "><marc:subfield code="a">Includes bibliographical references and index.</marc:subfield></marc:datafield><marc:datafield tag="505" ind1="0" ind2=" "><marc:subfield code="a">Introduction to transgender rights and politics / Jami K. Taylor and Donald P. Haider-Markel -- Framing in the united states and abroad -- Issue framing and transgender politics : an examination of interest group websites and media coverage / Barry L. Tadlock -- Transgender policy in latin american countries : an overview and comparative perspective on framing / Jacob R. Longaker and Donald P. Haider-Markel -- Advocacy and interest groups -- Interest groups and transgender politics : opportunities and challenges / Anthony J. Nownes -- The advocacy coalition framework and transgender inclusion in lgbt rights activism / Jami K. Taylor and Daniel C. Lewis -- The diffusion and implementation of transgender-inclusive nondiscrimination policy -- Transgender-inclusive ordinances in cities : form of government, local politics, and vertical influences / Jami K. Taylor, Barry L. Tadlock, Sarah J. Poggione, and Brian DiSarro -- Is transgender policy different? : policy complexity, policy diffusion, andLGBT nondiscrimination law / Daniel C. Lewis, Jami K. Taylor, Brian DiSarro, and Matthew L. Jacobsmeier -- Executive expansion of transgender rights : electoral incentives to issue or revoke executive orders / Mitchell D. Sellers -- Policy learning, language, and implementation by local governments with transgender-inclusive nondiscrimination policies / Mitchell D. Sellers and Roddrick Colvin -- Beyond nondiscrimination policy -- Key issues in transgender health care policy and practice / Ryan Combs -- Birth certificate amendment laws and morality politics / Jami K. Taylor, Barry L. Tadlock, and Sarah J. Poggione -- Conclusion and future directions in transgender politics and policy / Jami K. Taylor and Donald P. Haider-Markel -- Contributors -- Index.</marc:subfield></marc:datafield><marc:datafield tag="588" ind1=" " ind2=" "><marc:subfield code="a">Description based on information from the publisher.</marc:subfield></marc:datafield><marc:datafield tag="650" ind1=" " ind2="0"><marc:subfield code="a">Transgender people</marc:subfield><marc:subfield code="x">Civil rights.</marc:subfield></marc:datafield><marc:datafield tag="650" ind1=" " ind2="0"><marc:subfield code="a">Transgender people</marc:subfield><marc:subfield code="x">Legal status, laws, etc.</marc:subfield></marc:datafield><marc:datafield tag="650" ind1=" " ind2="0"><marc:subfield code="a">Sex and law.</marc:subfield></marc:datafield><marc:datafield tag="655" ind1=" " ind2="4"><marc:subfield code="a">Electronic books.</marc:subfield></marc:datafield><marc:datafield tag="700" ind1="1" ind2=" "><marc:subfield code="a">Taylor, Jami K.</marc:subfield></marc:datafield><marc:datafield tag="700" ind1="1" ind2=" "><marc:subfield code="a">Haider-Markel, Donald P.</marc:subfield></marc:datafield><marc:datafield tag="710" ind1="2" ind2=" "><marc:subfield code="a">Michigan Publishing (University of Michigan)</marc:subfield><marc:subfield code="e">publisher.</marc:subfield></marc:datafield><marc:datafield tag="856" ind1="4" ind2="0"><marc:subfield code="z">Access to the Michigan Publishing online version:</marc:subfield><marc:subfield code="u">https://doi.org/10.3998/mpub.4883502</marc:subfield></marc:datafield></marc:record>